
    <record>
        <leader>00000nz  a2200169   4500</leader>
        <controlfield tag="001">30004549</controlfield>
        <controlfield tag="003">RISM</controlfield>
        <controlfield tag="005">20160216</controlfield>
        <controlfield tag="008">160216n||az|||||||##########||||||||||||</controlfield>
        <datafield tag="040" ind1=" " ind2=" ">
            <subfield code="a">MNE-CEm</subfield>
        </datafield>
        <datafield tag="043" ind1=" " ind2=" ">
            <subfield code="c">XA-YU</subfield>
        </datafield>
        <datafield tag="110" ind1="2" ind2=" ">
            <subfield code="a">Cetinjski manastir</subfield>
            <subfield code="c">Cetinje</subfield>
            <subfield code="g">MNE-CEm</subfield>
        </datafield>
        <datafield tag="410" ind1="2" ind2=" ">
            <subfield code="a">Monastery Cetinje</subfield>
        </datafield>
        <datafield tag="622" ind1=" " ind2=" ">
            <subfield code="e">Cetinjski manastir, 81250 Cetinje, Montenegro</subfield>
        </datafield>
    </record>