
    <record>
        <leader>00000nz  a2200169   4500</leader>
        <controlfield tag="001">30004551</controlfield>
        <controlfield tag="003">RISM</controlfield>
        <controlfield tag="005">20160216</controlfield>
        <controlfield tag="008">160216n||az|||||||##########||||||||||||</controlfield>
        <datafield tag="040" ind1=" " ind2=" ">
            <subfield code="a">MNE-KTf</subfield>
        </datafield>
        <datafield tag="043" ind1=" " ind2=" ">
            <subfield code="c">XA-YU</subfield>
        </datafield>
        <datafield tag="110" ind1="2" ind2=" ">
            <subfield code="a">Franjevački samostan sv. Klare, knjižnica</subfield>
            <subfield code="c">Kotor</subfield>
            <subfield code="g">MNE-KTf</subfield>
        </datafield>
        <datafield tag="410" ind1="2" ind2=" ">
            <subfield code="a">Franciscan Monastery of St. Clara, Library</subfield>
        </datafield>
        <datafield tag="622" ind1=" " ind2=" ">
            <subfield code="e">Franjevački samostan sv. Klare,,  knjižnica, 81330 Kotor 450, Montenegro</subfield>
        </datafield>
    </record>