
    <record>
        <leader>00000nz  a2200169   4500</leader>
        <controlfield tag="001">30004552</controlfield>
        <controlfield tag="003">RISM</controlfield>
        <controlfield tag="005">20160216</controlfield>
        <controlfield tag="008">160216n||az|||||||##########||||||||||||</controlfield>
        <datafield tag="040" ind1=" " ind2=" ">
            <subfield code="a">MNE-KTi</subfield>
        </datafield>
        <datafield tag="043" ind1=" " ind2=" ">
            <subfield code="c">XA-YU</subfield>
        </datafield>
        <datafield tag="110" ind1="2" ind2=" ">
            <subfield code="a">Istorijski arhiv</subfield>
            <subfield code="c">Kotor</subfield>
            <subfield code="g">MNE-KTi</subfield>
        </datafield>
        <datafield tag="410" ind1="2" ind2=" ">
            <subfield code="a">Historical Archive</subfield>
        </datafield>
        <datafield tag="410" ind1="2" ind2=" ">
            <subfield code="a">Državni arhiv Kotor (State Archive Kotor)</subfield>
        </datafield>
        <datafield tag="622" ind1=" " ind2=" ">
            <subfield code="e">Istorijski arhiv, Njegoševa 208, 81330 Kotor, Montenegro</subfield>
        </datafield>
    </record>