
    <record>
        <leader>00000nz  a2200169   4500</leader>
        <controlfield tag="001">30004553</controlfield>
        <controlfield tag="003">RISM</controlfield>
        <controlfield tag="005">20160216</controlfield>
        <controlfield tag="008">160216n||az|||||||##########||||||||||||</controlfield>
        <datafield tag="040" ind1=" " ind2=" ">
            <subfield code="a">MNE-KTp</subfield>
        </datafield>
        <datafield tag="043" ind1=" " ind2=" ">
            <subfield code="c">XA-YU</subfield>
        </datafield>
        <datafield tag="110" ind1="2" ind2=" ">
            <subfield code="a">Pravoslavna crkva sv. Nikole</subfield>
            <subfield code="c">Kotor</subfield>
            <subfield code="g">MNE-KTp</subfield>
        </datafield>
        <datafield tag="410" ind1="2" ind2=" ">
            <subfield code="a">Orthodox Church of St. Nicholas</subfield>
        </datafield>
        <datafield tag="622" ind1=" " ind2=" ">
            <subfield code="e">Pravoslavna crkva sv. Nikole, 81330 Kotor, Montenegro</subfield>
        </datafield>
    </record>