
    <record>
        <leader>00000nz  a2200169   4500</leader>
        <controlfield tag="001">30004558</controlfield>
        <controlfield tag="003">RISM</controlfield>
        <controlfield tag="005">20160216</controlfield>
        <controlfield tag="008">160216n||az|||||||##########||||||||||||</controlfield>
        <datafield tag="040" ind1=" " ind2=" ">
            <subfield code="a">MNE-P</subfield>
        </datafield>
        <datafield tag="043" ind1=" " ind2=" ">
            <subfield code="c">XA-YU</subfield>
        </datafield>
        <datafield tag="110" ind1="2" ind2=" ">
            <subfield code="a">Manastir sv. Trojice</subfield>
            <subfield code="c">Pljevlja</subfield>
            <subfield code="g">MNE-P</subfield>
        </datafield>
        <datafield tag="410" ind1="2" ind2=" ">
            <subfield code="a">Manastir sv. Trojice kod Pljevalja</subfield>
        </datafield>
        <datafield tag="410" ind1="2" ind2=" ">
            <subfield code="a">Monastery of the Holy Trinity at Pljevlja</subfield>
        </datafield>
        <datafield tag="622" ind1=" " ind2=" ">
            <subfield code="e">Manastir sv. Trojice, 84210  Pljevlja, Montenegro</subfield>
        </datafield>
    </record>
</collection>

